<?xml version="1.0" encoding="UTF-8"?><collection xmlns="http://www.loc.gov/MARC21/slim"><record><leader>00513nam--2200181-i-4500</leader><controlfield tag="001">000024444</controlfield><controlfield tag="002">20161230</controlfield><controlfield tag="005">20170204194356</controlfield><controlfield tag="008">060222s1000------------r-----000-0-rum-d</controlfield><datafield ind1=" " ind2=" " tag="040"><subfield code="a">IFIN-HH</subfield></datafield><datafield ind1=" " ind2=" " tag="041"><subfield code="a">rum</subfield></datafield><datafield ind1=" " ind2=" " tag="080"><subfield code="a">535</subfield></datafield><datafield ind1="1" ind2=" " tag="100"><subfield code="a">Hutanu, Gheorghe</subfield></datafield><datafield ind1="1" ind2="0" tag="245"><subfield code="a">De la optica clasica la optica moderna</subfield><subfield code="b">Prefata de prof.dr.ing.Ion M.Popescu</subfield><subfield code="c">Gheorghe Hutanu</subfield></datafield><datafield ind1=" " ind2=" " tag="260"><subfield code="a">Bucuresti</subfield><subfield code="b">Editura Stiintifica Si Enciclopedica</subfield><subfield code="c">1984</subfield></datafield><datafield ind1=" " ind2=" " tag="300"><subfield code="a">470 p</subfield></datafield><datafield ind1=" " ind2=" " tag="852"><subfield code="a">72027</subfield><subfield code="c">535</subfield></datafield><datafield ind1=" " ind2=" " tag="CAT"><subfield code="a">SYS</subfield><subfield code="c">20170204</subfield><subfield code="h">194356</subfield></datafield></record></collection>